


@book{wendland_2004,
place={Cambridge},
series={Cambridge Monographs on Applied and Computational Mathematics},
title={Scattered Data Approximation},
publisher={Cambridge University Press},
author={Wendland, Holger}, 
year={\caps\currvar 2004\nocaps\currvar},
collection={Cambridge Monographs on Applied and Computational Mathematics}
}


@book{shaback_1997,
title = {Reconstruction of multivariate functions from scattered data},
author = {Schaback, Robert},
year = {\caps\currvar 1997\nocaps\currvar}
}

@article{shaback_2006,
author = {Schaback, Robert and  Werner, J.},
year = {\caps\currvar 2006\nocaps\currvar},
title = {Linearly constrained reconstruction of functions by kernels with applications to machine learning},
journal = {Advances in Computational Mathematics}
}


@book{fasshauer_2007,
author = {Fasshauer, Gregory F},
title = {Meshfree Approximation Methods with MATLAB},
year = {\caps\currvar 2007\nocaps\currvar},
publisher = {World Scientific Publishing Co., Inc.},
address = {USA}
}



@book{stein_2009,
 author = {Stein, Elias M. and Shakarchi, Rami},
 publisher = {Princeton University Press},
 title = {Real Analysis: Measure Theory, Integration, and Hilbert Spaces},
 year = {\caps\currvar 2005\nocaps\currvar}
}



@InProceedings{shaback_1999,
author="Schaback, Robert",
editor="Müller, Manfred W.
and Buhmann, Martin D.
and Mache, Detlef H.
and Felten, Michael",
title="Native Hilbert Spaces for Radial Basis Functions I",
booktitle="New Developments in Approximation Theory",
year="\caps\currvar 1999\nocaps\currvar",
publisher="BirkhÃ¤user Basel",
address="Basel",
pages="255--282"
}



