

@book{wendland_2004,
place={Cambridge},
series={Cambridge Monographs on Applied and Computational Mathematics},
title={Scattered Data Approximation},
publisher={Cambridge University Press},
author={Wendland, Holger}, 
year={2004},
collection={Cambridge Monographs on Applied and Computational Mathematics}
}



@article{shaback_2006,
author = {Schaback, Robert and  Werner, J.},
year = {2006},
month = {07},
pages = {237–258},
volume = {25},
title = {Linearly constrained reconstruction of functions by kernels with applications to machine learning},
journal = {Advances in Computational Mathematics}
}



@InProceedings{shaback_1999,
author="Schaback, Robert",
editor="Müller, Manfred W.
and Buhmann, Martin D.
and Mache, Detlef H.
and Felten, Michael",
title="Native Hilbert Spaces for Radial Basis Functions I",
booktitle="New Developments in Approximation Theory",
year="1999",
publisher="BirkhÃ¤user Basel",
address="Basel",
pages="255–282"
}


@article{rippa_1999,
author = {Rippa, Shmuel},
year = {1999},
month = {11},
pages = {193–210},
title = {An algorithm for selecting a good parameter~$c$ in radial basis function interpolation},
volume = {11},
journal = {Advances in Computational Mathematics}
}



@article{lenarduzzi-shaback_2017,
title = {Kernel-based adaptive approximation of functions with discontinuities},
journal = {Applied Mathematics and Computation},
volume = {307},
pages = {113–123},
year = {2017},
author = {Licia Lenarduzzi and Robert Schaback}
}



@article{langenhop_1971,
title = {The Laurent expansion for a nearly singular matrix},
journal = {Linear Algebra and its Applications},
volume = {4},
number = {4},
pages = {329–340},
year = {1971},
author = {C.E. Langenhop}
}



@inproceedings{ha_quang-niyogi-yao_1970,
author = {Ha Quang, Minh and Niyogi, Partha and Yao, Yuan},
year = {1970},
month = {01},
pages = {154–168},
title = {Mercer’s Theorem, Feature Maps, and Smoothing}
}



@article{romani-rossini-schenone,
author = {Romani, Lucia and Rossini, Milvia and Schenone, Daniela},
year = {2019},
pages = {532–547},
title = {Edge detection methods based on RBF interpolation},
volume = {349},
journal = {Journal of Computational and Applied Mathematics}
}




@article {Erb_2020,
    AUTHOR = {De Marchi, S. and Erb, W. and Marchetti, F. and Perracchione,
              E. and Rossini, M.},
     TITLE = {Shape-driven interpolation with discontinuous kernels: error
              analysis, edge extraction, and applications in magnetic
              particle imaging},
   JOURNAL = {SIAM J. Sci. Comput.},
  FJOURNAL = {SIAM Journal on Scientific Computing},
    VOLUME = {42},
      YEAR = {2020},
    NUMBER = {2},
     PAGES = {B472–B491},
      ISSN = {1064-8275},
   MRCLASS = {41A05 (41A25 41A30 65D05)},
  MRNUMBER = {4080390},
MRREVIEWER = {Alessandra De Rossi},
}

