
% TODO: Years should be typeset using onum


@book{wendland_2004,
place={Cambridge},
series={Cambridge Monographs on Applied and Computational Mathematics},
title={Scattered Data Approximation},
publisher={Cambridge University Press},
author={Wendland, Holger}, 
year={2004},
collection={Cambridge Monographs on Applied and Computational Mathematics}
}


@book{shaback_1997,
title = {Reconstruction of multivariate functions from scattered data},
author = {Schaback, Robert},
year = {1997},
publisher={Technical report}
}


@article{shaback_2006,
author = {Schaback, Robert and  Werner, J.},
year = {2006},
%month = {07},
pages = {237–258},
volume = {25},
title = {Linearly constrained reconstruction of functions by kernels with applications to machine learning},
journal = {Advances in Computational Mathematics}
}



@book{fasshauer_2007,
author = {Fasshauer, Gregory F.},
title = {Meshfree Approximation Methods with MATLAB},
year = {2007},
publisher = {World Scientific Publishing Co., Inc.},
address = {USA}
}



@book{stein-shakarchi_2009,
 author = {Stein, Elias M. and Shakarchi, Rami},
 publisher = {Princeton University Press},
 title = {Real Analysis: Measure Theory, Integration, and Hilbert Spaces},
 year = {2005}
}



@InProceedings{shaback_1999,
author="Schaback, Robert",
editor="Müller, Manfred W.
and Buhmann, Martin D.
and Mache, Detlef H.
and Felten, Michael",
title="Native Hilbert Spaces for Radial Basis Functions I",
booktitle="New Developments in Approximation Theory",
year="1999",
publisher="BirkhÃ¤user Basel",
%address="Basel",
pages="255–282"
}


@article{demarchi-shaback_2010,
author = {De Marchi, Stefano and Schaback, Robert},
year = {2010},
%month = {02},
pages = {155–161},
title = {Stability of kernel-based interpolation},
volume = {32},
journal = {Advances in Computational Mathematics},
%doi = {10.1007/s10444-008-9093-4}
}


@article{pazouki-schaback_2011,
author = {Pazouki, Maryam and Schaback, Robert},
year = {2011},
%month = {09},
pages = {575–588},
title = {Bases for kernel-based spaces},
volume = {236},
journal = {J. Computational Applied Mathematics},
%doi = {10.1016/j.cam.2011.05.021}
}


@article{fornberg-wright_2004,
author = {Fornberg, Bengt and GB, Wright},
year = {2004},
%month = {09},
pages = {853–867},
title = {Stable computation of multiquadric interpolants for all values of the shape parameter},
volume = {48},
journal = {Computers \& Mathematics with Applications},
%doi = {10.1016/j.camwa.2003.08.010}
}


@article{fornberg-larsson-flyer_2011,
author = {Fornberg, Bengt and Larsson, Elisabeth and Flyer, Natasha},
year = {2011},
%month = {01},
pages = {869–892},
title = {Stable Computations with Gaussian Radial Basis Functions},
volume = {33},
journal = {SIAM J. Scientific Computing},
%doi = {10.1137/09076756X}
}


@article{rippa_1999,
author = {Rippa, Shmuel},
year = {1999},
%month = {11},
pages = {193–210},
title = {An algorithm for selecting a good parameter~$c$ in radial basis function interpolation},
volume = {11},
journal = {Advances in Computational Mathematics},
%doi = {10.1023/A:1018975909870}
}


@article{fasshauer_2011,
author = {Fasshauer, Gregory F.},
year = {2011},
%month = {01},
title = {Positive Definite Kernels: Past, Present and Future},
volume = {4},
journal = {Dolomite Res. Notes Approx.}
}



@article{lenarduzzi-shaback_2017,
title = {Kernel-based adaptive approximation of functions with discontinuities},
journal = {Applied Mathematics and Computation},
volume = {307},
pages = {113–123},
year = {2017},
%doi = {/10.1016/j.amc.2017.02.043},
author = {Licia Lenarduzzi and Robert Schaback}
}



@article{langenhop_1971,
title = {The Laurent expansion for a nearly singular matrix},
journal = {Linear Algebra and its Applications},
volume = {4},
number = {4},
pages = {329–340},
year = {1971},
%issn = {0024-3795},
%doi = {https://doi.org/10.1016/0024-3795(71)90004-8},
author = {C.E. Langenhop}
}



@article{gonzales_rodriguez-moscoso-kindelan_2015,
title = {Laurent expansion of the inverse of perturbed, singular matrices},
journal = {Journal of Computational Physics},
volume = {299},
pages = {307–319},
year = {2015},
%issn = {0021-9991},
%doi = {https://doi.org/10.1016/j.jcp.2015.07.006},
author = {Pedro Gonzalez-Rodriguez and Miguel Moscoso and Manuel Kindelan}
}


@inproceedings{fornberg-flyer_2012,
author = {Fornberg, Bengt and Flyer, Natasha},
booktitle={Gibbs Phenomenon in Various Representations and Applications, Sampling Publishing},
year = {2006},
title = {The Gibbs Phenomenon for Radial Basis Functions},
pages = {123–135}
}


@article{jae_hun_2007,
title = {A note on the Gibbs phenomenon with multiquadric radial basis functions},
journal = {Applied Numerical Mathematics},
volume = {57},
number = {2},
pages = {213–229},
year = {2007},
%issn = {0168-9274},
%doi = {https://doi.org/10.1016/j.apnum.2006.02.006},
author = {Jae-Hun Jung}
}



@article{bentley_1975,
author = {Bentley, Jon Louis},
title = {Multidimensional Binary Search Trees Used for Associative Searching},
year = {1975},
issue_date = {Sept. 1975},
publisher = {Association for Computing Machinery},
address = {New York, NY, USA},
volume = {18},
number = {9},
%issn = {0001-0782},
%doi = {10.1145/361002.361007},
journal = {Commun. ACM},
%month = sep,
pages = {509–517},
numpages = {9}
}



@book{aurenhammer-klein-lee_2013,
author = {Aurenhammer, Franz and Klein, Rolf and Lee, Der-Tsai},
title = {Voronoi Diagrams and Delaunay Triangulations},
year = {2013},
%isbn = {9789814447638},
publisher = {World Scientific Publishing Co., Inc.},
address = {USA},
edition = {1st}
}



@article{schaback_1997b,
author = {Schaback, Robert},
year = {1997},
%month = {03},
pages = {251–264},
title = {Error Estimates and Condition Numbers for Radial Basis Function Interpolation},
volume = {3},
journal = {Advances in Computational Mathematics},
%doi = {10.1007/BF02432002}
}



@InProceedings{connor-kumar_2010,
author="Connor, Michael
and Kumar, Piyush",
editor="Festa, Paola",
title="Practical Nearest Neighbor Search in the Plane",
booktitle="Experimental Algorithms",
year="2010",
publisher="Springer Berlin Heidelberg",
address="Berlin, Heidelberg",
pages="501–512",
%isbn="978-3-642-13193-6"
}



@misc{github-algorithm,
  title = {\rm Domain segmentation algorithm in MATLAB},
  howpublished = {\url{https://github.com/cao-/Domain-segmentation}}
  %note = {Accessed: 2010-09-30}
}

@INPROCEEDINGS{wendland_2002,
    author = {Holger Wendland},
    title = {Fast Evaluation of Radial Basis Functions: Methods Based on Partition of Unity},
    booktitle = {Approximation Theory X: Wavelets, Splines, and Applications},
    year = {2002},
    pages = {473–483},
    publisher = {Vanderbilt University Press}
}



@book{christmann-steinwart_2008,
author = {Christmann, Andreas and Steinwart, Ingo},
year = {2008},
%month = {01},
pages = {},
title = {Support Vector Machines},
%isbn = {978-0-387-77241-7},
publisher = {Information Science and Statistics, Springer}
%journal = {Support Vector Machines: , Information Science and Statistics. Springer Science+Business Media, LLC, 2008},
%doi = {10.1007/978-0-387-77242-4}
}


@inproceedings{ha_quang-niyogi-yao_1970,
author = {Ha Quang, Minh and Niyogi, Partha and Yao, Yuan},
year = {1970},
%month = {01},
pages = {154–168},
title = {Mercer’s Theorem, Feature Maps, and Smoothing},
%isbn = {978-3-540-35294-5},
%doi = {10.1007/11776420_14}
}



@article{romani-rossini-schenone,
author = {Romani, Lucia and Rossini, Milvia and Schenone, Daniela},
year = {2019},
pages = {532–547},
title = {Edge detection methods based on RBF interpolation},
volume = {349},
journal = {Journal of Computational and Applied Mathematics},
%doi = {10.1016/j.cam.2018.08.006}
}




@article {Erb_2020,
    AUTHOR = {De Marchi, S. and Erb, W. and Marchetti, F. and Perracchione,
              E. and Rossini, M.},
     TITLE = {Shape-driven interpolation with discontinuous kernels: error
              analysis, edge extraction, and applications in magnetic
              particle imaging},
   JOURNAL = {SIAM J. Sci. Comput.},
  FJOURNAL = {SIAM Journal on Scientific Computing},
    VOLUME = {42},
      YEAR = {2020},
    NUMBER = {2},
     PAGES = {B472–B491},
      ISSN = {1064-8275},
   MRCLASS = {41A05 (41A25 41A30 65D05)},
  MRNUMBER = {4080390},
MRREVIEWER = {Alessandra De Rossi},
}
	
@article {Bracco_2019,
    AUTHOR = {Bracco, Cesare and Davydov, Oleg and Giannelli, Carlotta and
              Sestini, Alessandra},
     TITLE = {Fault and gradient fault detection and reconstruction from
              scattered data},
   JOURNAL = {Comput. Aided Geom. Design},
  FJOURNAL = {Computer Aided Geometric Design},
    VOLUME = {75},
      YEAR = {2019},
     PAGES = {101786, 20},
      ISSN = {0167-8396},
   MRCLASS = {65Y99},
  MRNUMBER = {4021960},
}



@article{de_marchi-erb-marchetti-perracchione-rossini_2020,
author = {De Marchi, Stefano and Erb, W. and Marchetti, Francesco and Perracchione, Emma and Rossini, Milvia},
year = {2020},
%month = {01},
pages = {B472–B491},
title = {Shape-Driven Interpolation With Discontinuous Kernels: Error Analysis, Edge Extraction, and Applications in Magnetic Particle Imaging},
volume = {42},
journal = {SIAM Journal on Scientific Computing},
%doi = {10.1137/19M1248777}
}




@article{rossini_2018,
  title={Interpolating functions with gradient discontinuities via Variably Scaled Kernels},
  author={M. Rossini},
  journal={Dolomites Research Notes on Approximation},
  year={2018},
  volume={11},
  pages={3–14}
}
